@book{DesignPatterns2000,
    author    = "Erich Gamma, Richard Helm, Ralph Johnson and John Vlissides",
    title     = "Design Patterns, Elements of Reusable Object-Oriented Software",
    year      = "2000",
    publisher = "Addison-Wesley",
}
@book{DomainDrivenDesign2004,
    author    = "{Eric Evans}",
    title     = "Domain-Driven Design, Tackling Complexity in the Heart of Software",
    year      = "2004",
    publisher = "Addison-Wesley",
}
@book{TheScrumGuide2013,
    author    = "Jeff Sutherland, Ken Schwaber",
    title     = "The Scrum Guide",
    year      = "2013",
    publisher = "Scrum.org",
}
@book{ScrumXP2013,
    author    = "{Henrik Kniberg}",
    title     = "Scrum y XP desde las trincheras",
    year      = "2008",
    publisher = "InfoQ",
}
@book{IngenieriaSoftware2005,
    author    = "R. S. Pressman",
    title     = "Ingeniería del software. Un enfoque práctico (sexta edición)",
    year      = "2005",
    publisher = "McGraw Hill Higher Education",
}
@book{AgileSoftwareDevelopment2001,
    author    = "{Alistair Cockburn}",
    title     = "Agile Software Development",
    year      = "2001",
    publisher = "Addison–Wesley",
}
%%%%%%%%%%%%%%%%%%%%%%%%%%%%%%%%%%%%%%%%%%%%%%%%%%%%%%%

@misc{website:pythondocs,
      author = "{Python Software Foundation}",
      title = "Python Documentation 2.7.x",
      year = "2014",
      url = "https://docs.python.org/2/"
}
@misc{website:django,
      author = "{Django Software Foundation}",
      title = "The Django framework",
      year = "2014",
      url = "https://www.djangoproject.com/"
}
@misc{website:trello,
      author = "{Fog Creek Software}",
      title = "Trello, Organize anything, together",
      year = "2014",
      url = "https://trello.com/"
}
@misc{website:agilemanifesto,
      author = "Kent Beck, James Grenning, Robert C. Martin and others",
      title = "Manifesto for \mbox{Agile} \mbox{Software} \mbox{Development}",
      year = "2014",
      url = "http://agilemanifesto.org/"
}
@misc{website:wikipedia,
      author = "{Wikimedia Foundation Inc.}",
      title = "Wikipedia, The free encyclopedia",
      year = "2014",
      url = "http://www.wikipedia.org"
}
